%-----------------------------------
%%% DIFFERENTIAL TESTING %%%
%-----------------------------------

@article{McKeeman1998,
 author = {W. McKeeman},
 title = {Differential testing for software},
 journal = {Digital Technical Journal},
   volume={10},
   number={1},
   pages={100--107},
 year = {1998},
 doi = "10.1.1.83.445"
}

@inproceedings{ZaeemKhurshid2012,
  author    = {R. Nokhbeh Zaeem and S. Khurshid},
  title     = {Test input generation using dynamic programming},
  booktitle = {20th International Symposium on the Foundations of Software Engineering},
  year      = {2012},
  doi = "10.1145/2393596.2393635"
}

%-----------------------------------
%%% TEST ADEQUACY %%%
%-----------------------------------

@inproceedings{GoodenoughGerhart1975,
 author = {J. Goodenough and S. Gerhart},
 title = {Toward a Theory of Test Data Selection},
 booktitle = {International Conference on Reliable Software},
  year={1975},
  doi = "10.1145/390016.808473"
}

%-----------------------------------
%%% MODEL GENERATION %%%
%-----------------------------------

%% GUITAR
@inproceedings{MemonWCRE2003,
   author = {A. M. Memon and I. Banerjee and A. Nagarajan},
   title = {{GUI} Ripping: Reverse Engineering of Graphical User
	Interfaces for Testing},
   booktitle = {Working Conference on Reverse Engineering (WCRE)},
   year = {2003},
   doi="10.1109/WCRE.2003.1287256"
}

% Crawljax: Journal Reference
@article{Mesbah:2012:TWEB,
  author = {Mesbah, A. and van Deursen, A. and Lenselink, S.},
 title = {Crawling {Ajax}-Based Web Applications through Dynamic Analysis of User Interface State Changes},
 journal = {Transactions on the Web (TWEB)},
  volume = {6},
  number = {1},
  pages = {3:1--3:30},
 year = {2012},
 doi="10.1145/2109205.2109208"
} 


%% GUI Ripping for Android: ASE2012 
% DBLP:conf/kbse/AmalfitanoFTCM12
@inproceedings{AmalfitanoASE2012,
author    = {D. Amalfitano and
               A. R. Fasolino and
               P. Tramontana and
               S. De Carmine and
               A. M. Memon},
  title     = {Using {GUI} ripping for automated testing of {A}ndroid applications},
  booktitle = {27th International Conference on Automated Software Engineering (ASE)},
  year      = {2012},
  doi="10.1145/2351676.2351717"
}

%% iOS Crawler
@Inproceedings{Joorabchi:2012:WCRE,
	author = {M. E. Joorabchi and A. Mesbah},
	title  = {Reverse Engineering {iOS} Mobile Applications},
	year = {2012},
	booktitle = {Working Conference on Reverse Engineering (WCRE)},
	doi="10.1109/WCRE.2012.27"
}


%% ORBIT Crawler for Android
@inproceedings{YangFASE2013,
  author    = {W. Yang and M. R. Prasad and T. Xie},
  title     = {A Grey-box Approach for Automated {GUI}-Model Generation of Mobile Applications},
  booktitle = {16th International Conference on Fundamental Approaches to Software Engineering (FASE)},
  year      = {2013},
  doi="10.1007/978-3-642-37057-1_19"
}

%----------------------------------------
%%% MODEL-BASED TEST CASE GENERATION %%%
%----------------------------------------

% Testing Book
@book{SwTestBk:2007,
  author    = {M. Pezz{\`e} and M. Young},
  title     = {Software testing and analysis - process, principles and techniques},
  year      = {2007}
}

%% Path Cover for Test Case Generation
@article{PathCover:NtafosH79,
  author    = {S. C. Ntafos and
               S. L. Hakimi},
  title     = {On Path Cover Problems in Digraphs and Applications to Program Testing},
  journal   = {Transactions on Software Engineering (TSE)},
  volume    = {5},
  number    = {5},
  year      = {1979},
  pages     = {520--529},
  doi="10.1109/TSE.1979.234213"
}

%% M{ag}ic: MBT X Comb. Testing + Test selection/compaction
% DBLP:conf/issta/NguyenMT12
@inproceedings{Nguyen:2012:ISSTA,
  author    = {C. D. Nguyen and
               A. Marchetto and
               P. Tonella},
  title     = {Combining model-based and combinatorial testing for effective test case generation},
  booktitle = {International Symposium on Software Testing and Analysis (ISSTA)},
  year      = {2012},
  doi="10.1145/2338965.2336765"
}

% Using Static Analysis to select sequences from a model
% DBLP:conf/issre/ArltPBSBM12
@inproceedings{Arlt:2012:ISSRE,
  author    = {S. Arlt and A. Podelski and C. Bertolini and M. Sch\"a{}f and I. Banerjee and A. M. Memon},
  title     = {Lightweight Static Analysis for {GUI} Testing},
  booktitle = {23rd International Symposium on Software Reliability Engineering (ISSRE)},
  year      = {2012},
  doi="10.1109/ISSRE.2012.25"
}

%% Case-study: Model-based Testing of an Android App.
@inproceedings{Takala:2011,
 author = {Takala, Tommi and Katara, Mika and Harty, Julian},
 title = {Experiences of System-Level Model-Based {GUI} Testing of an {A}ndroid Application},
 booktitle = {4th International Conference on Software Testing, Verification and Validation (ICST)},
 year = {2011},
 doi="10.1109/ICST.2011.11"
} 

%% SE for finding useful i/p data values in GUI apps.
% DBLP:conf/icfem/GanovKKP09
@inproceedings{Ganov:2009:ICFEM,
  author    = {S. R. Ganov and
               C. Killmar and
               S. Khurshid and
               D. E. Perry},
  title     = {Event Listener Analysis and Symbolic Execution for Testing {GUI} Applications},
  booktitle = {11th International Conference on Formal Engineering Methods (ICFEM)},
  year      = {2009},
  doi="10.1007/978-3-642-10373-5_4"
}

%Memon's paper on inter-component and intra-component coverage criteria
@inproceedings{memon2001coverage,
  title={Coverage criteria for {GUI} testing},
  author={Memon, A. M. and Soffa, M. L. and Pollack, M. E.},
  booktitle={9th International Symposium on Foundations of Software Engineering (FSE)},
  year={2001},
  doi="10.1145/503209.503244"
}

%-----------------------------------
%%% TESTING OF MOBILE APPS %%%
%-----------------------------------

% Concolic Testing of Android Apps: Event Sequence Discovery using SE
% DBLP:conf/sigsoft/AnandNHY12
@inproceedings{AnandFSE2012,
  author    = {S. Anand and
               M. Naik and
               M. J. Harrold and
               H. Yang},
  title     = {Automated concolic testing of smartphone apps},
  booktitle = {20th International Symposium on the Foundations of Software Engineering (FSE)},
  year      = {2012},
  doi="10.1145/2393596.2393666"
}

% Finding Event sequencs using SA + doing SE 
% DBLP:journals/sigsoft/MirzaeiMPEM12
@article{MirzaeiJPF2012,
  author    = {N. Mirzaei and
               S. Malek and
               C. S. Pasareanu and
               N. Esfahani and
               R. Mahmood},
  title     = {Testing {A}ndroid apps through symbolic execution},
  journal   = {Software Engineering Notes},
  volume    = {37},
  number    = {6},
  pages = {1--5},
  year      = {2012},
  doi="10.1145/2382756.2382798"
}

%% UCI Paper on Android GUI Testing
@inproceedings{Hu:2011:AST,
 author = {Hu, C. and Neamtiu, I.},
 title = {Automating {GUI} testing for {A}ndroid applications},
 booktitle = {6th International Workshop on Automation of Software Test (AST)},
 year = {2011},
 doi="10.1145/1982595.1982612"
} 

% Collider: ISSTA 2013
@InProceedings{collider2013,
  author =       {C. S. Jensen and M. R. Prasad and A. M\o{}ller},
  title =        {Automated Testing with Targeted Event Sequence Generation},
  booktitle =    {International Symposium on Software Testing and Analysis (ISSTA)},
  year =         {2013},
  doi="10.1145/2483760.2483777"
}

%% Dynodroid
@Inproceedings{Dynodroid:2013,
	author = {Machiry, A. and Tahiliani, R. and Naik, M.},
	title  ={Dynodroid: An Input Generation System for {Android} Apps},
	booktitle = {International Symposium on Foundations of Software Engineering (FSE)},
	year = {2013},
	doi="10.1145/2491411.2491450"
}

%---------------------------------------
%%% ORACLE GENERATION/SPECIFICATION %%%
%---------------------------------------

%% First Def of Oracle
@Book{Oracle:Howden78,
	author = {W. E. Howden and E. Miller},
	title = {Introduction to the Theory of Testing},
	booktitle = {Software Testing and Validation Techniques},
	year = {1978}
}

%% Different kinds of oracles
@Inproceedings{Weyuker80,
	author = {E.J. Weyuker},
	title  ={The Oracle Assumption of Program Testing},
	year = {1980},
	booktitle = {13th International Conference on System Sciences (ICSS)}
}

%% Oracle from Program Docs.
@inproceedings{Peters:ISSTA94,
  author    = {Dennis K. Peters and David Lorge Parnas},
  title     = {Generating a Test Oracle from Program Documentation},
  booktitle = {International Symposium on Software Testing and Analysis (ISSTA)},
  year      = {1994},
  pages     = {58--65},
  doi="10.1145/186258.186508"
}

%% Oracles Based on Method Post-conditions
@article{postCondOracle:Meyer09,
  author    = {Bertrand Meyer and
               Arno Fiva and
               Ilinca Ciupa and
               Andreas Leitner and
               Yi Wei and
               Emmanuel Stapf},
  title     = {Programs That Test Themselves},
  journal   = {Computer},
  volume    = {42},
  number    = {9},
  year      = {2009},
  pages     = {46--55},
  doi="10.1109/MC.2009.296"
}

%% Oracles Generated using Statistical Methods 
@INPROCEEDINGS{StatOracle:Mayer04,
    author = {Johannes Mayer and Ralph Guderlei and Abteilung Angew and Te Informationsverarbeitung and Abteilung Stochastik and Universität Ulm},
    title = {Test Oracles Using Statistical Methods},
    booktitle = {1st International Workshop on Software Quality (SOQUA/TECOS)},
    year = {2004},
    pages = {179--189},
	doi="10.1.1.85.8586"
}

%% Specialized Oracle: Cross-browser testing
@inproceedings{xpert:ICSE2013,
  author        = {S. R. Choudhary and M. Prasad and A. Orso},
  title         = {{X-PERT}: Accurate Identification of Cross-Browser Issues in Web Applications},
  booktitle     = {35th International Conference on Software Engineering (ICSE)},
  year  = {2013},
	doi="10.1109/ICSE.2013.6606616"
}

%% Specialized Oracle: Performance testing
@inproceedings{toddler:ICSE2013,
  author    = {A. Nistor and
               L. Song and
               D. Marinov and
               S. Lu},
  title     = {Toddler: detecting performance problems via similar memory-access patterns},
  booktitle     = {35th International Conference on Software Engineering (ICSE)},
  year  = {2013},
doi="10.1109/ICSE.2013.6606602"
}

% API mining survey
@ARTICLE{robillard13tse, 
author={Robillard, M. P. and Bodden, E. and Kawrykow, D. and Mezini, M. and Ratchford, T.}, 
journal={Transactions on Software Engineering (TSE)}, 
title={Automated {API} Property Inference Techniques}, 
year={2013}, 
volume={39}, 
number={5}, 
pages={613--637},
doi="10.1109/TSE.2012.63"
}

% Empirical evaluaton of automated oracles
@inproceedings{Nguyen:2013,
 author = {Nguyen, C. D. and Marchetto, A. and Tonella, P.},
 title = {Automated oracles: an empirical study on cost and effectiveness},
 booktitle = {International Symposium on Foundations of Software Engineering (FSE)},
 year = {2013},
 doi="10.1145/2491411.2491434"
} 

%---------------------------------------
%%% TEST ADEQUACY CRITERIA %%%
%---------------------------------------

@inproceedings{shehady1997method,
  title={A method to automate user interface testing using variable finite state machines},
  author={Shehady, R. K. and Siewiorek, D. P.},
  booktitle={27th  Annual International Symposium on Fault-Tolerant Computing (FTCS)},
  year={1997},
  doi="10.1109/FTCS.1997.614080"
}

@inproceedings{belli2001finite,
  title={Finite state testing and analysis of graphical user interfaces},
  author={Belli, F.},
  booktitle={12th International Symposium on Software Reliability Engineering (ISSRE)},
  year={2001},
  doi="10.1109/ISSRE.2001.989456"
}
%-----------------------------------
%%% MISC %%%
%-----------------------------------

@Misc{MobileDev:IBMWhitePaper,
	author = {L. Williamson},
	title  ={A mobile application development primer: A guide for enterprise teams working on mobile application projects },
	year = {2013},
	howpublished = {IBM Software Thought Leadership White Paper}
}

@INPROCEEDINGS{quantum:ICST2013,
author={Zaeem, Razieh Nokhbeh and Prasad, Mukul R. and Khurshid, Sarfraz},
booktitle={Software Testing, Verification and Validation (ICST), 2014 IEEE Seventh International Conference on},
title={Automated Generation of Oracles for Testing User-Interaction Features of Mobile Apps},
year={2014},
month={March},
pages={183-192}
}